@book{book:simulation,
	author = {Robinson, Stewart},
	title = {{Simulation: The Practice of Model Development and Use}},
	year = {2004},
	isbn = {0470847727},
	publisher = {John Wiley \& Sons},
	address={Hoboken, NY, USA},
}

@book{Fujimoto:2000fk,
	author = {Fujimoto, Richard M.},
	title = {{Parallel and Distributed Simulation Systems}},
	year = {1999},
	isbn = {0471183830},
	edition = {1st},
	publisher = {John Wiley \& Sons, Inc.},
	address = {New York, NY, USA},
}

@article{chandy-1981,
author = {K M Chandy and J Misra},
journal = {Commun. ACM},
title = {{Asynchronous Distributed Simulation via a Sequence of Parallel Computations}},
affiliation = {New York, NY, USA},
number = {4},
pages = {198--206},
volume = {24},
year = {1981},
month = apr,
doi = {10.1145/358598.358613},
}

@article{chandy-misra-1979,
author = {KM Chandy and J Misra},
journal = IEEE_J_SE,
title = {{Distributed Simulation: A Case Study in Design and Verification of Distributed Programs}},
number = {5},
pages = {440--452},
volume = {SE-5},
year = {1979},
month = sep,
doi = {10.1109/TSE.1979.230182},
}

@techreport{bryant-1977,
author = {R E Bryant},
journal = {Techreport},
title = {{Simulation of Packet Communication Architecture Computer Systems}},
institution = {Massachusetts Inst. Technol.},
address = {Cambridge, MA, USA},
year = {1977},
}

@article{yawns,
	author = {David Nicol},
	journal = {J. ACM},
	title = {{The Cost of Conservative Synchronization in Parallel Discrete Event Simulations}},
	affiliation = {New York, NY, USA},
	number = {2},
	pages = {304--333},
	volume = {40},
	year = {1993},
	month = apr,
	doi = {10.1145/151261.151266},
}

@article{jefferson-tw,
	Author = {Jefferson, David R.},
	Doi = {10.1145/3916.3988},
	Journal = {ACM Trans. Programming Languages and Syst.},
	Number = {3},
	Pages = {404--425},
	Title = {{Virtual Time}},
	Volume = {7},
	Year = {1985},
	month = jul,
}

@inproceedings{carothers-rc,
	Author = {Carothers, C.D. and Perumalla, K.S. and Fujimoto, R.M.},
	Booktitle = {Proc. 13th Workshop on Parallel and Distributed Simulation},
	series={PADS '99},
	address={Atlanta, GA, USA},
	Doi = {10.1109/PADS.1999.766169},
	Pages = {126--135},
	Title = {{Efficient Optimistic Parallel Simulations Using Reverse Computation}},
	Year = {1999},
	month= "1--4~" # may,
}

@INPROCEEDINGS{me:mascots:2012,
    author={Gonsiorowski, E. and Carothers, C. and Tropper, C.},
    booktitle={Proc. 20th IEEE Int. Symp. Modeling, Analysis Simulation Comput. and Telecommun. Syst.},
    series={MASCOTS '12},
    address={Arlington, VA, USA},
    title={{Modeling Large Scale Circuits Using Massively Parallel Discrete-Event Simulation}},
    year={2012},
    month="7--9~" # aug,
	pages={127--133},
    doi={10.1109/MASCOTS.2012.24},
    ISSN={1526-7539},
}
