@inproceedings{dao2015towards,
  title={Towards Enriching CQELS with Complex Event Processing and Path Navigation.},
  author={Dao-Tran, Minh and Le Phuoc, Danh},
  booktitle={HiDeSt@ KI},
  pages={2--14},
  year={2015}
}
@inproceedings{kolchin2014web,
  title={Web-based Visualisation and Monitoring of Smart Meters using CQELS.},
  author={Kolchin, Maxim and Mouromtsev, Dmitry and Arustamov, Sergey A},
  booktitle={TC/SSN@ ISWC},
  pages={109--112},
  year={2014}
}
@misc{dejonghec,
  title={C-GeoSPARQL: streaming GeoSPARQL support on C-SPARQL},
  author={Dejonghe, Alexander and Ongenae, Femke and Verstichel, Stijn and De Turck, Filip}
}
@inproceedings{okure2013querying,
  title={Querying EL Ontology Stream with C-SPARQL},
  author={Okure, Akanimo Samuel and Pan, Jeff Z},
  booktitle={Advanced Computer Science Applications and Technologies (ACSAT), 2013 International Conference on},
  pages={337--340},
  year={2013},
  organization={IEEE}
}
@article{DBLP:journals/corr/RenC17,
  author    = {Xiangnan Ren and
               Olivier Cur{\'{e}}},
  title     = {Strider: {A} Hybrid Adaptive Distributed {RDF} Stream Processing Engine},
  journal   = {CoRR},
  volume    = {abs/1705.05688},
  year      = {2017},
  timestamp = {Wed, 07 Jun 2017 14:40:57 +0200},
}
@inproceedings{DBLP:conf/semweb/RenCKKC16,
  author    = {Xiangnan Ren and
               Olivier Cur{\'{e}} and
               Houda Khrouf and
               Zakia Kazi{-}Aoul and
               Yousra Chabchoub},
  title     = {Apache Spark and Apache Kafka at the Rescue of Distributed {RDF} Stream
               Processing Engines},
  booktitle = {Proceedings of the {ISWC} 2016 Posters {\&} Demonstrations Track
               co-located with 15th International Semantic Web Conference {(ISWC}
               2016), Kobe, Japan, October 19, 2016.},
  year      = {2016},
  timestamp = {Wed, 28 Sep 2016 08:54:30 +0200},
}
@inproceedings{bizer2008linked,
  title={Linked data: Principles and state of the art},
  author={Bizer, Christian and Heath, Tom and Berners-Lee, Tim},
  booktitle={World wide web conference},
  pages={1--40},
  year={2008}
}
@article{abadi2003aurora,
  title={Aurora: a new model and architecture for data stream management},
  author={Abadi, Daniel J and Carney, Don and {\c{C}}etintemel, Ugur and Cherniack, Mitch and Convey, Christian and Lee, Sangdon and Stonebraker, Michael and Tatbul, Nesime and Zdonik, Stan},
  journal={The VLDB Journalâ€”The International Journal on Very Large Data Bases},
  volume={12},
  number={2},
  pages={120--139},
  year={2003},
  publisher={Springer-Verlag New York, Inc.}
}

@inproceedings{reddy2010efficient,
  title={Efficient approximate SPARQL querying of web of linked data},
  author={Reddy, BR and Kumar, P Sreenivasa},
  booktitle={Proceedings of the 6th International Conference on Uncertainty Reasoning for the Semantic Web-Volume 654},
  pages={37--48},
  year={2010},
  organization={CEUR-WS. org}
}
@inproceedings{viswanathan2016pragmatic,
  title={Pragmatic querying in heterogeneous Knowledge Graphs},
  author={Viswanathan, Amar},
  booktitle={Thirtieth AAAI Conference on Artificial Intelligence},
  year={2016}
}
@article{lebo2013prov,
  title={Prov-o: The prov ontology},
  author={Lebo, Timothy and Sahoo, Satya and McGuinness, Deborah and Belhajjame, Khalid and Cheney, James and Corsar, David and Garijo, Daniel and Soiland-Reyes, Stian and Zednik, Stephan and Zhao, Jun},
  journal={W3C recommendation},
  volume={30},
  year={2013}
}
@inproceedings{le2011native,
  title={A native and adaptive approach for unified processing of linked streams and linked data},
  author={Le-Phuoc, Danh and Dao-Tran, Minh and Parreira, Josiane Xavier and Hauswirth, Manfred},
  booktitle={International Semantic Web Conference},
  pages={370--388},
  year={2011},
  organization={Springer}
}
@article{born2010browser,
  title={Browser-based covert data exfiltration},
  author={Born, Kenton},
  journal={arXiv preprint arXiv:1004.4357},
  year={2010}
}
@inproceedings{giani2006data,
  title={Data exfiltration and covert channels},
  author={Giani, Annarita and Berk, Vincent H and Cybenko, George V},
  booktitle={Defense and Security Symposium},
  pages={620103--620103},
  year={2006},
  organization={International Society for Optics and Photonics}
}
@inproceedings{liu2009sidd,
  title={SIDD: A framework for detecting sensitive data exfiltration by an insider attack},
  author={Liu, Yali and Corbett, Cherita and Chiang, Ken and Archibald, Rennie and Mukherjee, Biswanath and Ghosal, Dipak},
  booktitle={System Sciences, 2009. HICSS'09. 42nd Hawaii International Conference on},
  pages={1--10},
  year={2009},
  organization={IEEE}
}
@incollection{volz2005incrementally,
  title={Incrementally maintaining materializations of ontologies stored in logic databases},
  author={Volz, Raphael and Staab, Steffen and Motik, Boris},
  booktitle={Journal on Data Semantics II},
  pages={1--34},
  year={2005},
  publisher={Springer}
}
@inproceedings{sequeda2009linked,
  title={Linked stream data: A position paper},
  author={Sequeda, Juan F and Corcho, Oscar},
  booktitle={Proceedings of the 2nd International Conference on Semantic Sensor Networks-Volume 522},
  pages={148--157},
  year={2009},
  organization={CEUR-WS. org}
}
@article{beck2015towards,
	title={Towards Ideal Semantics for Analyzing Stream Reasoning},
	author={Beck, Harald and Dao-Tran, Minh and Eiter, Thomas and Fink, Michael},
	journal={arXiv preprint arXiv:1505.05365},
	year={2015}
}
@inproceedings{beck2015lars,
  title={LARS: A Logic-Based Framework for Analyzing Reasoning over Streams.},
  author={Beck, Harald and Dao-Tran, Minh and Eiter, Thomas and Fink, Michael},
  booktitle={AAAI},
  pages={1431--1438},
  year={2015}
}
@article{bizer2009linked,
  title={Linked data-the story so far},
  author={Bizer, Christian and Heath, Tom and Berners-Lee, Tim},
  journal={Semantic services, interoperability and web applications: emerging concepts},
  pages={205--227},
  year={2009}
}
@misc{lassila1999resource,
  title={Resource description framework (RDF) model and syntax specification},
  author={Lassila, Ora and Swick, Ralph R},
  year={1999}
}
@incollection{bechhofer2009owl,
  title={OWL: Web ontology language},
  author={Bechhofer, Sean},
  booktitle={Encyclopedia of Database Systems},
  pages={2008--2009},
  year={2009},
  publisher={Springer}
}
@misc{noy2001ontology,
  title={Ontology development 101: A guide to creating your first ontology},
  author={Noy, Natalya F and McGuinness, Deborah L and others},
  year={2001},
  publisher={Stanford knowledge systems laboratory technical report KSL-01-05 and Stanford medical informatics technical report SMI-2001-0880, Stanford, CA}
}
@article{babu2001continuous,
  title={Continuous queries over data streams},
  author={Babu, Shivnath and Widom, Jennifer},
  journal={ACM Sigmod Record},
  volume={30},
  number={3},
  pages={109--120},
  year={2001},
  publisher={ACM}
}
@inproceedings{rodriguez2009semantic,
  title={Semantic management of streaming data},
  author={Rodriguez, Alejandro and McGrath, Robert and Liu, Yong and Myers, James},
  booktitle={Proceedings of the 2nd International Conference on Semantic Sensor Networks-Volume 522},
  pages={80--95},
  year={2009},
  organization={CEUR-WS. org}
}
@inproceedings{tommasini2015heaven,
  title={Heaven Test Stand: Towards Comparative Research on RSP Engines.},
  author={Tommasini, Riccardo and Della Valle, Emanuele and Balduini, Marco and Dell'Aglio, Daniele},
  booktitle={SSN-TC/OrdRing@ ISWC},
  pages={87--92},
  year={2015}
}
@misc{benchmarkdemo,
  title={Demo: YABench Benchmark, Yet Another RDF Stream Processing},
  author={Kolchin, Maxim and Wetz, Peter}
}
@misc{srtutorial,
  title={Stream Reasoning Tutorial},
  author={Calbimonte, Jean-Paul and Dell'Aglio, Daniele and Della Valle, Emanuele and Ali, Muhammad Intizar and Alessandra, Mileo},
  year={2015},
  booktitle={International Semantic Web Conference},
  note={\url{http://streamreasoning.org/slides/2015/10/sr4ld2015-02-rsp-extensions.pdf}, accessed 2016-02-01},
}
@article{tangwongsan2015general,
  title={General incremental sliding-window aggregation},
  author={Tangwongsan, Kanat and Hirzel, Martin and Schneider, Scott and Wu, Kun-Lung},
  journal={Proceedings of the VLDB Endowment},
  volume={8},
  number={7},
  pages={702--713},
  year={2015},
  publisher={VLDB Endowment}
}
@inproceedings{patroumpas2006window,
  title={Window specification over data streams},
  author={Patroumpas, Kostas and Sellis, Timos},
  booktitle={International Conference on Extending Database Technology},
  pages={445--464},
  year={2006},
  organization={Springer}
}
@incollection{levien2009attack,
  title={Attack-resistant trust metrics},
  author={Levien, Raph},
  booktitle={Computing with Social Trust},
  pages={121--132},
  year={2009},
  publisher={Springer}
}
@inproceedings{calbimonte2010enabling,
  title={Enabling ontology-based access to streaming data sources},
  author={Calbimonte, Jean-Paul and Corcho, Oscar and Gray, Alasdair JG},
  booktitle={International Semantic Web Conference},
  pages={96--111},
  year={2010},
  organization={Springer}
}
@inproceedings{kamvar2003eigentrust,
  title={The eigentrust algorithm for reputation management in p2p networks},
  author={Kamvar, Sepandar D and Schlosser, Mario T and Garcia-Molina, Hector},
  booktitle={Proceedings of the 12th international conference on World Wide Web},
  pages={640--651},
  year={2003},
  organization={ACM}
}
@misc{date2004database,
  title={Database Management Systems},
  author={Date, CJ},
  year={2004},
  publisher={Voi}
}
@article{wand1996anchoring,
  title={Anchoring data quality dimensions in ontological foundations},
  author={Wand, Yair and Wang, Richard Y},
  journal={Communications of the ACM},
  volume={39},
  number={11},
  pages={86--95},
  year={1996},
  publisher={ACM}
}
@inproceedings{prince2004semiotic,
  title={A semiotic information quality framework},
  author={Prince, Rossane and Shanks, Graeme G},
  booktitle={Proceedings of IFIP International Conference on Decision Support Systems (DSS2004): Decision Support in an Uncertain and Complex World},
  year={2004}
}
@article{kahn2002information,
  title={Information quality benchmarks: product and service performance},
  author={Kahn, Beverly K and Strong, Diane M and Wang, Richard Y},
  journal={Communications of the ACM},
  volume={45},
  number={4},
  pages={184--192},
  year={2002},
  publisher={ACM}
}
@article{juran1999quality,
  title={Quality handbook},
  author={Juran, Joseph and Godfrey, A Blanton},
  journal={Republished McGraw-Hill},
  year={1999}
}
@inproceedings{bertino2009challenge,
  title={The challenge of assuring data trustworthiness},
  author={Bertino, Elisa and Dai, Chenyun and Kantarcioglu, Murat},
  booktitle={International Conference on Database Systems for Advanced Applications},
  pages={22--33},
  year={2009},
  organization={Springer}
}
@inproceedings{ram2009new,
  title={A new perspective on semantics of data provenance},
  author={Ram, Sudha and Liu, Jun},
  booktitle={Proceedings of the First International Conference on Semantic Web in Provenance Management-Volume 526},
  pages={35--40},
  year={2009},
  organization={CEUR-WS. org}
}
@article{botan2010secret,
  title={SECRET: a model for analysis of the execution semantics of stream processing systems},
  author={Botan, Irina and Derakhshan, Roozbeh and Dindar, Nihal and Haas, Laura and Miller, Ren{\'e}e J and Tatbul, Nesime},
  journal={Proceedings of the VLDB Endowment},
  volume={3},
  number={1-2},
  pages={232--243},
  year={2010},
  publisher={VLDB Endowment}
}
@article{dindar2013modeling,
  title={Modeling the execution semantics of stream processing engines with SECRET},
  author={Dindar, Nihal and Tatbul, Nesime and Miller, Ren{\'e}e J and Haas, Laura M and Botan, Irina},
  journal={The VLDB Journal},
  volume={22},
  number={4},
  pages={421--446},
  year={2013},
  publisher={Springer}
}
@inproceedings{beck2014towards,
  title={Towards a logic-based framework for analyzing stream reasoning},
  author={Beck, Harald and Dao-Tran, Minh and Eiter, Thomas and Fink, Michael},
  booktitle={Proceedings of the 3rd International Conference on Ordering and Reasoning-Volume 1303},
  pages={11--22},
  year={2014},
  organization={CEUR-WS. org}
}
@inproceedings{arasu2003stream,
  title={STREAM: the stanford stream data manager (demonstration description)},
  author={Arasu, Arvind and Babcock, Brian and Babu, Shivnath and Datar, Mayur and Ito, Keith and Nishizawa, Itaru and Rosenstein, Justin and Widom, Jennifer},
  booktitle={Proceedings of the 2003 ACM SIGMOD international conference on Management of data},
  pages={665--665},
  year={2003},
  organization={ACM}
}
@article{barbieri2010deductive,
  title={Deductive and inductive stream reasoning for semantic social media analytics},
  author={Barbieri, Davide and Braga, Daniele and Ceri, Stefano and Della Valle, Emanuele and Huang, Yi and Tresp, Volker and Rettinger, Achim and Wermser, Hendrik},
  journal={IEEE Intelligent Systems},
  volume={25},
  number={6},
  pages={32--41},
  year={2010},
  publisher={IEEE}
}
@incollection{lacasse2015making,
  title={Making assessment decisions: Macro, mezzo, and micro perspectives},
  author={Lacasse, Jeffrey R and Gambrill, Eileen},
  booktitle={Critical Thinking in Clinical Assessment and Diagnosis},
  pages={69--84},
  year={2015},
  publisher={Springer}
}
@inproceedings{golab2003processing,
  title={Processing sliding window multi-joins in continuous queries over data streams},
  author={Golab, Lukasz and {\"O}zsu, M Tamer},
  booktitle={Proceedings of the 29th international conference on Very large data bases-Volume 29},
  pages={500--511},
  year={2003},
  organization={VLDB Endowment}
}
@inproceedings{celino2011towards,
  title={Towards BOTTARI: using stream reasoning to make sense of location-based micro-posts},
  author={Celino, Irene and Dell'Aglio, Daniele and Della Valle, Emanuele and Huang, Yi and Lee, Tony and Kim, Seon-Ho and Tresp, Volker},
  booktitle={Extended Semantic Web Conference},
  pages={80--87},
  year={2011},
  organization={Springer}
}
@misc{silowash2012common,
  title={Common sense guide to mitigating insider threats},
  author={Silowash, George J and Cappelli, Dawn M and Moore, Andrew P and Trzeciak, Randall F and Shimeall, Timothy and Flynn, Lori},
  year={2012}
}
@article{dell2014rsp,
  title={RSP-QL semantics: a unifying query model to explain heterogeneity of RDF stream processing systems},
  author={Dell'Aglio, Daniele and Della Valle, Emanuele and Calbimonte, Jean-Paul and Corcho, Oscar},
  journal={International Journal on Semantic Web and Information Systems (IJSWIS)},
  volume={10},
  number={4},
  pages={17--44},
  year={2014},
  publisher={IGI Global}
}
@inproceedings{mileo2013streamrule,
  title={Streamrule: a nonmonotonic stream reasoning system for the semantic web},
  author={Mileo, Alessandra and Abdelrahman, Ahmed and Policarpio, Sean and Hauswirth, Manfred},
  booktitle={International Conference on Web Reasoning and Rule Systems},
  pages={247--252},
  year={2013},
  organization={Springer}
}
@article{gebser2012stream,
  title={Stream Reasoning with Answer Set Programming: Preliminary Report.},
  author={Gebser, Martin and Grote, Torsten and Kaminski, Roland and Obermeier, Philipp and Sabuncu, Orkunt and Schaub, Torsten},
  journal={KR},
  volume={12},
  pages={613--617},
  year={2012}
}
@inproceedings{do2011answer,
  title={Answer set programming for stream reasoning},
  author={Do, Thang M and Loke, Seng W and Liu, Fei},
  booktitle={Canadian Conference on Artificial Intelligence},
  pages={104--109},
  year={2011},
  organization={Springer}
}
@article{gelfond1991classical,
  title={Classical negation in logic programs and disjunctive databases},
  author={Gelfond, Michael and Lifschitz, Vladimir},
  journal={New generation computing},
  volume={9},
  number={3-4},
  pages={365--385},
  year={1991},
  publisher={Springer}
}
@article{ren2010towards,
  title={Towards scalable reasoning on ontology streams via syntactic approximation},
  author={Ren, Yuan and Pan, Jeff Z and Zhao, Yuting},
  journal={Proc. of IWOD},
  year={2010}
}
@inproceedings{gao2016planning,
  title={Planning Ahead: Stream-Driven Linked-Data Access Under Update-Budget Constraints},
  author={Gao, Shen and Dell'Aglio, Daniele and Dehghanzadeh, Soheila and Bernstein, Abraham and Della Valle, Emanuele and Mileo, Alessandra},
  booktitle={International Semantic Web Conference},
  pages={252--270},
  year={2016},
  organization={Springer}
}
@inproceedings{ruotsalo2007method,
  title={A method for determining ontology-based semantic relevance},
  author={Ruotsalo, Tuukka and Hyv{\"o}nen, Eero},
  booktitle={International Conference on Database and Expert Systems Applications},
  pages={680--688},
  year={2007},
  organization={Springer}
}
@inproceedings{rhee2007ontology,
  title={Ontology-based semantic relevance measure},
  author={Rhee, Sang Keun and Lee, Jihye and Park, Myon-Woong},
  booktitle={Proceedings of the First International Conference on Semantic Web and Web 2.0 in Architectural, Product and Engineering Design-Volume 294},
  pages={63--68},
  year={2007},
  organization={CEUR-WS. org}
}
@article{wang2011deep,
  title={Deep learning approaches to semantic relevance modeling for chinese question-answer pairs},
  author={Wang, Baoxun and Liu, Bingquan and Wang, Xiaolong and Sun, Chengjie and Zhang, Deyuan},
  journal={ACM Transactions on Asian Language Information Processing (TALIP)},
  volume={10},
  number={4},
  pages={21},
  year={2011},
  publisher={ACM}
}
@article{mcsherry2002generalised,
  title={A generalised approach to similarity-based retrieval in recommender systems},
  author={McSherry, David},
  journal={Artificial Intelligence Review},
  volume={18},
  number={3-4},
  pages={309--341},
  year={2002},
  publisher={Springer}
}
@article{trewin2000knowledge,
  title={Knowledge-based recommender systems},
  author={Trewin, Shari},
  journal={Encyclopedia of library and information science},
  volume={69},
  number={Supplement 32},
  pages={180},
  year={2000}
}
@inproceedings{wang2010modeling,
  title={Modeling semantic relevance for question-answer pairs in web social communities},
  author={Wang, Baoxun and Wang, Xiaolong and Sun, Chengjie and Liu, Bingquan and Sun, Lin},
  booktitle={Proceedings of the 48th Annual Meeting of the Association for Computational Linguistics},
  pages={1230--1238},
  year={2010},
  organization={Association for Computational Linguistics}
}
@book{baeza1999modern,
  title={Modern information retrieval},
  author={Baeza-Yates, Ricardo and Ribeiro-Neto, Berthier and others},
  volume={463},
  year={1999},
  publisher={ACM press New York}
}
@incollection{lafferty2003probabilistic,
  title={Probabilistic relevance models based on document and query generation},
  author={Lafferty, John and Zhai, Chengxiang},
  booktitle={Language modeling for information retrieval},
  pages={1--10},
  year={2003},
  publisher={Springer}
}
@article{fankhauser1991semantic,
  title={Semantic vs. structural resemblance of classes},
  author={Fankhauser, Peter and Kracker, Martin and Neuhold, Erich J},
  journal={ACM Sigmod Record},
  volume={20},
  number={4},
  pages={59--63},
  year={1991},
  publisher={ACM}
}
@article{rips1973semantic,
  title={Semantic distance and the verification of semantic relations},
  author={Rips, Lance J and Shoben, Edward J and Smith, Edward E},
  journal={Journal of verbal learning and verbal behavior},
  volume={12},
  number={1},
  pages={1--20},
  year={1973},
  publisher={Elsevier}
}
@incollection{hurtado2008query,
  title={Query relaxation in RDF},
  author={Hurtado, Carlos A and Poulovassilis, Alexandra and Wood, Peter T},
  booktitle={Journal on data semantics X},
  pages={31--61},
  year={2008},
  publisher={Springer}
}
@inproceedings{yantowards,
  title={Towards Smart Cache Management for Ontology Based, History-Aware Stream Reasoning},
  author={Yan, Rui and Praggastis, Brenda and Smith, William P and McGuinness, Deborah L},
  booktitle={Proceedings of the Workshop on Linked Data on the Web (LDOW 2016)},
  year={2016}
}
@inproceedings{garcia2011wireless,
  title={A wireless sensor network for soccer team monitoring},
  author={Garcia, Miguel and Catal{\'a}, Angel and Lloret, Jaime and Rodrigues, Joel JPC},
  booktitle={Distributed Computing in Sensor Systems and Workshops (DCOSS), 2011 International Conference on},
  pages={1--6},
  year={2011},
  organization={IEEE}
}
@misc{regan2013sports,
  title={Sports data collection and presentation},
  author={Regan, Michael and Holthouse, Shaun},
  year={2013},
  month=aug # "~30",
  publisher={Google Patents},
  note={US Patent App. 14/014,840}
}
@phdthesis{borg2007detecting,
  title={Detecting and tracking players in football using stereo vision},
  author={Borg, Johan},
  year={2007},
  school={PhD thesis, Link{\"o}pings Universitet, Institutionen f{\"o}r systemteknik}
}
@inproceedings{naidoo2006soccer,
  title={Soccer video analysis by ball, player and referee tracking},
  author={Naidoo, Wayne Chelliah and Tapamo, Jules Raymond},
  booktitle={Proceedings of the 2006 annual research conference of the South African institute of computer scientists and information technologists on IT research in developing countries},
  pages={51--60},
  year={2006},
  organization={South African Institute for Computer Scientists and Information Technologists}
}
@misc{fowler2010feasible,
  title={How Feasible is Officiating Technology in Football?},
  author={Fowler, Samuel},
  year={2010}
}
@article{helsen2006errors,
  title={Errors in judging ``offside'' in association football: Test of the optical error versus the perceptual flash-lag hypothesis},
  author={Helsen, Werner and Gilis, Bart and Weston, Matthew},
  journal={Journal of sports sciences},
  volume={24},
  number={05},
  pages={521--528},
  year={2006},
  publisher={Taylor \& Francis}
}
@article{catteeuw2010offside,
  title={Offside decision making in the 2002 and 2006 FIFA World Cups},
  author={Catteeuw, Peter and Gilis, Bart and Garc{\'\i}a-Aranda, Jos{\'e}-Mar{\'\i}a and Tresaco, Fernando and Wagemans, Johan and Helsen, Werner},
  journal={Journal of sports sciences},
  volume={28},
  number={10},
  pages={1027--1032},
  year={2010},
  publisher={Taylor \& Francis}
}
@book{federation2016laws,
  title={Laws of the game},
  author={F{\'e}d{\'e}ration Internationale de Football Association and others},
  year={1995},
  publisher={FIFA}
}
@article{anicic2012stream,
  title={Stream reasoning and complex event processing in ETALIS},
  author={Anicic, Darko and Rudolph, Sebastian and Fodor, Paul and Stojanovic, Nenad},
  journal={Semantic Web},
  volume={3},
  number={4},
  pages={397--407},
  year={2012},
  publisher={IOS Press}
}
@inproceedings{carroll2005named,
  title={Named graphs, provenance and trust},
  author={Carroll, Jeremy J and Bizer, Christian and Hayes, Pat and Stickler, Patrick},
  booktitle={Proceedings of the 14th international conference on World Wide Web},
  pages={613--622},
  year={2005},
  organization={ACM}
}
@incollection{gao2014clock,
  title={The clock data-aware eviction approach: Towards processing linked data streams with limited resources},
  author={Gao, Shen and Scharrenbach, Thomas and Bernstein, Abraham},
  booktitle={The Semantic Web: Trends and Challenges},
  pages={6--20},
  year={2014},
  publisher={Springer}
}
@inproceedings{nguyen2013eviction,
  title={Eviction strategies for semantic flow processing},
  author={Nguyen, Khoa and Scharrenbach, Thomas and Bernstein, Abraham},
  booktitle={Proceedings of the 9th International Conference on Scalable Semantic Web Knowledge Base Systems-Volume 1046},
  pages={66--80},
  year={2013},
  organization={CEUR-WS. org}
}
@inproceedings{chevalier2015slider,
  title={Slider: an Efficient Incremental Reasoner},
  author={Chevalier, Jules and Subercaze, Julien and Gravier, Christophe and Laforest, Fr{\'e}d{\'e}rique},
  booktitle={Proceedings of the 2015 ACM SIGMOD International Conference on Management of Data},
  pages={1081--1086},
  year={2015},
  organization={ACM}
}
@article{barbieri2010querying,
  title={Querying rdf streams with c-sparql},
  author={Barbieri, Davide Francesco and Braga, Daniele and Ceri, Stefano and Valle, Emanuele Della and Grossniklaus, Michael},
  journal={ACM SIGMOD Record},
  volume={39},
  number={1},
  pages={20--26},
  year={2010},
  publisher={ACM}
}
@misc{della2009s,
  title={It's a streaming world! Reasoning upon rapidly changing information},
  author={Della Valle, Emanuele and Ceri, Stefano and Van Harmelen, Frank and Fensel, Dieter},
  journal={IEEE Intelligent Systems},
  number={6},
  pages={83--89},
  year={2009},
  publisher={IEEE}
}
@inproceedings{barbieri2009c,
  title={C-SPARQL: SPARQL for continuous querying},
  author={Barbieri, Davide Francesco and Braga, Daniele and Ceri, Stefano and Della Valle, Emanuele and Grossniklaus, Michael},
  booktitle={Proceedings of the 18th international conference on World wide web},
  pages={1061--1062},
  year={2009},
  organization={ACM}
}
@inproceedings{ren2011optimising,
  title={Optimising ontology stream reasoning with truth maintenance system},
  author={Ren, Yuan and Pan, Jeff Z},
  booktitle={Proceedings of the 20th ACM international conference on Information and knowledge management},
  pages={831--836},
  year={2011},
  organization={ACM}
}
@ARTICLE{bowman:reasoning,
	AUTHOR = "Mic Bowman and Saumya K. Debray and Larry L. Peterson",
	TITLE = "Reasoning About Naming Systems",
	JOURNAL = "ACM Trans. Program. Lang. Syst.",
	VOLUME = {15},
	NUMBER = {5},
	PAGES = {795-825},
	MONTH = "November",
	YEAR = {1993}	
}
@ARTICLE{braams:babel,
	AUTHOR = "Johannes Braams",
	TITLE = "Babel, a Multilingual Style-Option System for Use with LaTeX's Standard Document Styles",
	JOURNAL = {TUGboat},
	VOLUME = {12},
	NUMBER = {2},
	PAGES = {291-301},
	MONTH = "June",
	YEAR = {1991}	
}
@INPROCEEDINGS{clark:pct,
	AUTHOR = "Malcolm Clark",
	TITLE = "Post Congress Tristesse",
	BOOKTITLE = "TeX90 Conference Proceedings",
	PAGES = "84-89",
	ORGANIZATION = "TeX Users Group",
	MONTH = "March", 
	YEAR = {1991}	
}
@ARTICLE{herlihy:methodology,
	AUTHOR = "Maurice Herlihy",
	TITLE = "A Methodology for Implementing Highly Concurrent
	Data Objects",
	JOURNAL = {ACM Trans. Program. Lang. Syst.},
	VOLUME = {15},
	NUMBER = {5},
	PAGES = {745-770},
	MONTH = "November",
	YEAR = {1993}	
}
@BOOK{Lamport:LaTeX,
	AUTHOR = "Leslie Lamport",
	TITLE = "LaTeX User's Guide and Document Reference Manual",
	PUBLISHER = "Addison-Wesley Publishing Company",
	ADDRESS = "Reading, Massachusetts",
	YEAR = "1986"	
}
@BOOK{salas:calculus,
	AUTHOR = "S.L. Salas and Einar Hille",
	TITLE = "Calculus: One and Several Variable",
	PUBLISHER = "John Wiley and Sons",
	ADDRESS = "New York",
	YEAR = "1978"	
}
@article{yantowards,
  title = {{Towards Smart Cache Management for Ontology Based, History-Aware Stream Reasoning}},
  author = {Yan, Rui and Praggastis, Brenda and Smith, William P and McGuinness, Deborah L},
  journal = {Linked Science},
  year = {2015},
}
@techreport{aasman2006allegro,
  title = {{Allegro graph: RDF triple database}},
  author = {Aasman, Jans},
  year = {2006},
  institution = {Technical report. Franz Incorporated, 2006. ur l: http://www. franz. com/agraph/allegrograph/(visited on 10/14/2013)(cited on pp. 52, 54)},
}
@inproceedings{barbieri2010execution,
  title = {{An execution environment for C-SPARQL queries}},
  author = {Barbieri, Davide Francesco and Braga, Daniele and Ceri, Stefano and Grossniklaus, Michael},
  booktitle = {Proceedings of the 13th International Conference on Extending Database Technology},
  pages = {441--452},
  year = {2010},
  organization = {ACM},
}
@article{mcguinness2004owl,
  title = {{OWL web ontology language overview}},
  author = {McGuinness, Deborah L and Van Harmelen, Frank and others},
  journal = {W3C recommendation},
  volume = {10},
  number = {10},
  pages = {2004},
  year = {2004},
}
@inproceedings{blanch2004semantic,
  title = {{Semantic pointing: improving target acquisition with control-display ratio adaptation}},
  author = {Blanch, Renaud and Guiard, Yves and Beaudouin-Lafon, Michel},
  booktitle = {Proceedings of the SIGCHI conference on Human factors in computing systems},
  pages = {519--526},
  year = {2004},
  organization = {ACM},
}
@inproceedings{legg2011intelligent,
  title = {{Intelligent filtering by semantic importance for single-view 3d reconstruction from snooker video}},
  author = {Legg, Philip and Parry, Matthew L and Chung, David HS and Jiang, Richard M and Morris, Adrian and Griffiths, Iwan W and Marshall, David and Chen, Min and others},
  booktitle = {Image Processing (ICIP), 2011 18th IEEE International Conference on},
  pages = {2385--2388},
  year = {2011},
  organization = {IEEE},
}
@inproceedings{zhuge2003ranking,
  title = {{Ranking Semantic-linked Network.}},
  author = {Zhuge, Hai and Zheng, Liping},
  booktitle = {WWW (Posters)},
  year = {2003},
}
@inproceedings{herschel2016provenance,
  title={Provenance: On and Behind the Screens},
  author={Herschel, Melanie and Hlawatsch, Marcel},
  booktitle={Proc. of the 2016 International Conference on Management of Data},
  pages={2213--2217},
  year={2016},
  organization={ACM}
}
@inproceedings{huq2010facilitating,
  title={Facilitating fine grained data provenance using temporal data model},
  author={Huq, Mohammad R and Wombacher, Andreas and Apers, Peter MG},
  booktitle={Proc. of the Seventh International Workshop on Data Management for Sensor Networks},
  pages={8--13},
  year={2010},
  organization={ACM}
} 
@article{valle2009s,
  title={It's a streaming world! Reasoning upon rapidly changing information},
  author={Valle, Emanuele Della and Ceri, Stefano and Harmelen, Frank van and Fensel, Dieter},
  journal={IEEE Intelligent Systems},
  volume={24},
  number={6},
  pages={83--89},
  year={2009},
  publisher={IEEE Educational Activities Department}
}
@article{barbieri2010c,
  title={C-SPARQL: a continuous query language for RDF data streams},
  author={Barbieri, Davide Francesco and Braga, Daniele and Ceri, Stefano and VALLE, EMANUELE DELLA and Grossniklaus, Michael},
  journal={International Journal of Semantic Computing},
  volume={4},
  number={01},
  pages={3--25},
  year={2010},
  publisher={World Scientific}
}
@techreport{kamburugamuve2016survey,
  title={Survey of Distributed Stream Processing},
  author={Kamburugamuve, Supun and Fox, Geoffrey},
  year={2016},
  institution={Technical report, Indiana University, Bloomington, IN, USA}
}
@article{stephens1997survey,
  title={A survey of stream processing},
  author={Stephens, Robert},
  journal={Acta Informatica},
  volume={34},
  number={7},
  pages={491--541},
  year={1997},
  publisher={Springer}
}
@inproceedings{barbieri2010incremental,
  title={Incremental reasoning on streams and rich background knowledge},
  author={Barbieri, Davide Francesco and Braga, Daniele and Ceri, Stefano and Della Valle, Emanuele and Grossniklaus, Michael},
  booktitle={Extended Semantic Web Conference},
  pages={1--15},
  year={2010},
  organization={Springer}
}
@article{simmhan2005survey,
  title={A survey of data provenance in e-science},
  author={Simmhan, Yogesh L and Plale, Beth and Gannon, Dennis},
  journal={ACM Sigmod Record},
  volume={34},
  number={3},
  pages={31--36},
  year={2005},
  publisher={ACM}
}
@article{simmhan2005survey1,
  title={A survey of data provenance techniques},
  author={Simmhan, Yogesh L and Plale, Beth and Gannon, Dennis},
  journal={Computer Science Department, Indiana University, Bloomington IN},
  volume={47405},
  year={2005}
}
@inproceedings{vijayakumar2007tracking,
  title={Tracking stream provenance in complex event processing systems for workflow-driven computing},
  author={Vijayakumar, Nithya and Plale, Beth},
  booktitle={EDA-PS Workshop},
  year={2007}
}
@article{gao2010survey,
  title={A survey on management of data provenance},
  author={Gao, Ming and Jin, Che-Qing and Wang, Xiao-Ling and Tian, Xiu-Xia and Zhou, Ao-Ying},
  journal={Chinese Journal of Computers},
  volume={33},
  number={3},
  pages={373--389},
  year={2010}
}
@inproceedings{lim2009research,
  title={Research issues in data provenance for streaming environments},
  author={Lim, Hyo-Sang and Moon, Yang-Sae and Bertino, Elisa},
  booktitle={Proc. of the 2nd SIGSPATIAL ACM GIS 2009 International Workshop on Security and Privacy in GIS and LBS},
  pages={58--62},
  year={2009},
  organization={ACM}
}
@inproceedings{lim2009provenance,
  title={Provenance-based confidence policy management in data streams},
  author={Lim, Hyo-Sang and Moon, Yang-Sae and Bertino, Elisa},
  booktitle={Proc. of the 10th Annual Information Security Symposium},
  pages={26},
  year={2009},
  organization={CERIAS-Purdue University}
}
@techreport{lim2010assessing,
  title={Assessing the trustworthiness of streaming data},
  author={Lim, Hyo-Sang and Moon, Yang-Sae and Bertino, Elisa},
  year={2010},
  institution={Technical Report TR 2010-09, CERIAS}
}
@article{valle2009s,
  title={It's a streaming world! Reasoning upon rapidly changing information},
  author={Valle, Emanuele Della and Ceri, Stefano and Harmelen, Frank van and Fensel, Dieter},
  journal={IEEE Intelligent Systems},
  volume={24},
  number={6},
  pages={83--89},
  year={2009},
  publisher={IEEE Educational Activities Department}
}
@inproceedings{calbimonte2014rdf,
  title={RDF stream processing: let's react},
  author={Calbimonte, Jean-Paul},
  booktitle={Proceedings of the 3rd International Conference on Ordering and Reasoning-Volume 1303},
  pages={1--10},
  year={2014},
  organization={CEUR-WS.org}
}
@inproceedings{anicic2011ep,
  title={EP-SPARQL: a unified language for event processing and stream reasoning},
  author={Anicic, Darko and Fodor, Paul and Rudolph, Sebastian and Stojanovic, Nenad},
  booktitle={Proceedings of the 20th international conference on World wide web},
  pages={635--644},
  year={2011},
  organization={ACM}
}
@inproceedings{yan2016rem,
  title={Remembering the Important Things: Semantic Importance in Stream Reasoning},
  author={Yan, Rui and Greaves, Mark T. and Smith, William P. and McGuinness, Deborah L.},
  booktitle={Proceedings of Stream Reasoning Workshop 2016},
  year={2016},
  organization={CEUR-WS.org}
}
@inproceedings{yantowards,
  title={Towards A Cache-Enabled, Order-Aware, Ontology-Based Stream Reasoning Framework},
  author={Yan, Rui and Praggastis, Brenda and Smith, William and McGuinness, Deborah L},
  booktitle={Proceedings of Linked Data on the Web Workshop 2016},
  year={2016},
  organization={CEUR-WS.org}  
}
@article{della2013order,
  title={Order matters! harnessing a world of orderings for reasoning over massive data},
  author={Della Valle, Emanuele and Schlobach, Stefan and Kr{\"o}tzsch, Markus and Bozzon, Alessandro and Ceri, Stefano and Horrocks, Ian},
  journal={Semantic Web},
  volume={4},
  number={2},
  pages={219--231},
  year={2013},
  publisher={IOS Press}
}
@inproceedings{mutschler2013debs,
  title={The DEBS 2013 grand challenge},
  author={Mutschler, Christopher and Ziekow, Holger and Jerzak, Zbigniew},
  booktitle={Proceedings of the 7th ACM international conference on Distributed event-based systems},
  pages={289--294},
  year={2013},
  organization={ACM}
}
@article{golab2003issues,
  title={Issues in data stream management},
  author={Golab, Lukasz and {\"O}zsu, M Tamer},
  journal={ACM Sigmod Record},
  volume={32},
  number={2},
  pages={5--14},
  year={2003},
  publisher={ACM}
}
@inproceedings{glasser2013bridging,
  title={Bridging the gap: A pragmatic approach to generating insider threat data},
  author={Glasser, Joshua and Lindauer, Brian},
  booktitle={Security and Privacy Workshops (SPW), 2013 IEEE},
  pages={98--104},
  year={2013},
  organization={IEEE}
}
@article{atzori2010internet,
  title={The internet of things: A survey},
  author={Atzori, Luigi and Iera, Antonio and Morabito, Giacomo},
  journal={Computer networks},
  volume={54},
  number={15},
  pages={2787--2805},
  year={2010},
  publisher={Elsevier}
}
@inproceedings{stuckenschmidt2010towards,
  title={Towards expressive stream reasoning},
  author={Stuckenschmidt, Heiner and Ceri, Stefano and Della Valle, Emanuele and Van Harmelen, Frank},
  booktitle={Dagstuhl Seminar Proceedings},
  year={2010},
  organization={Schloss Dagstuhl-Leibniz-Zentrum f{\"u}r Informatik}
}
@article{prud2008sparql,
  title={SPARQL query language for RDF},
  author={Prudâ€™Hommeaux, Eric and Seaborne, Andy and others},
  journal={W3C recommendation},
  volume={15},
  year={2008}
}
@misc{brickley2004rdf,
  title={$\{$RDF vocabulary description language 1.0: RDF schema$\}$},
  author={Brickley, Dan and Guha, Ramanathan V},
  year={2004}
}
@article{valle2009s,
  title={It's a streaming world! Reasoning upon rapidly changing information},
  author={Valle, Emanuele Della and Ceri, Stefano and Harmelen, Frank van and Fensel, Dieter},
  journal={IEEE Intelligent Systems},
  volume={24},
  number={6},
  pages={83--89},
  year={2009},
  publisher={IEEE Educational Activities Department}
}
@inproceedings{calbimonte2014rdf,
  title={RDF stream processing: let's react},
  author={Calbimonte, Jean-Paul},
  booktitle={Proceedings of the 3rd International Conference on Ordering and Reasoning-Volume 1303},
  pages={1--10},
  year={2014},
  organization={CEUR-WS.org}
}
@inproceedings{yan2016rem,
  title={Remembering the Important Things: Semantic Importance in Stream Reasoning},
  author={Yan, Rui and Greaves, Mark T. and Smith, William P. and McGuinness, Deborah L.},
  booktitle={Proceedings of Stream Reasoning Workshop 2016},
  year={2016},
  organization={CEUR-WS.org}
}
@inproceedings{yantowards,
  title={Towards A Cache-Enabled, Order-Aware, Ontology-Based Stream Reasoning Framework},
  author={Yan, Rui and Praggastis, Brenda and Smith, William and McGuinness, Deborah L},
  booktitle={Proceedings of Linked Data on the Web Workshop 2016},
  year={2016},
  organization={CEUR-WS.org}  
}
@article{saaty2003decision,
  title={Decision-making with the AHP: Why is the principal eigenvector necessary},
  author={Saaty, Thomas L},
  journal={European journal of operational research},
  volume={145},
  number={1},
  pages={85--91},
  year={2003},
  publisher={Elsevier}
}
@TECHREPORT{CMU-CERT,
  TITLE =         {Analytic Approaches to Detect Insider Threats},
  AUTHOR =        {CERT},
  INSTITUTION =   {Software Engineering Institute, Carnegie Mellon University},
  YEAR  =         {2015},
  note = {\url{http://resources.sei.cmu.edu/library/asset-view.cfm?assetID=451065}},
}
@TECHREPORT{CERT-onto,
  TITLE =         {An Insider Threat Indicator Ontology},
  AUTHOR =        {Costa, Daniel L. and Albrethsen, Michael J. and Collins, Matthew L. and Perl, Samuel J. and Silowash, George J. and Spooner, Derrick L.},
  INSTITUTION =   {Software Engineering Institute, Carnegie Mellon University},
  YEAR  =         {2016},
  note={\url{https://resources.sei.cmu.edu/asset_files/TechnicalReport/2016_005_001_454627.pdf}, accessed 2016-08-07},
}
@article{golab2003issues,
  title={Issues in data stream management},
  author={Golab, Lukasz and {\"O}zsu, M Tamer},
  journal={ACM Sigmod Record},
  volume={32},
  number={2},
  pages={5--14},
  year={2003},
  publisher={ACM}
}
@inproceedings{barbieri2010stream,
  title={Stream reasoning: Where we got so far},
  author={Barbieri, Davide and Braga, Daniele and Ceri, Stefano and Della Valle, Emanuele and Grossniklaus, Michael},
  booktitle={NeFoRS 2010: 4th International Workshop on New Forms of Reasoning for the Semantic Web: Scalable and Dynamic},
  year={2010}
}
@techreport{costa2014ontology,
  title={An Ontology for Insider Threat Indicators Development and Applications},
  author={Costa, Daniel L and Collins, Matthew L and Perl, Samuel J and Albrethsen, Michael J and Silowash, George J and Spooner, Derrick L},
  year={2014},
  institution={DTIC Document}
}
@ARTICLE{bowman:reasoning,
	AUTHOR = "Mic Bowman and Saumya K. Debray and Larry L. Peterson",
	TITLE = "Reasoning About Naming Systems",
	JOURNAL = "ACM Trans. Program. Lang. Syst.",
	VOLUME = {15},
	NUMBER = {5},
	PAGES = {795-825},
	MONTH = "November",
	YEAR = {1993}	}

@ARTICLE{braams:babel,
	AUTHOR = "Johannes Braams",
	TITLE = "Babel, a Multilingual Style-Option System for Use with LaTeX's Standard Document Styles",
	JOURNAL = {TUGboat},
	VOLUME = {12},
	NUMBER = {2},
	PAGES = {291-301},
	MONTH = "June",
	YEAR = {1991}	}

@INPROCEEDINGS{clark:pct,
	AUTHOR = "Malcolm Clark",
	TITLE = "Post Congress Tristesse",
	BOOKTITLE = "TeX90 Conference Proceedings",
	PAGES = "84-89",
	ORGANIZATION = "TeX Users Group",
	MONTH = "March", 
	YEAR = {1991}	}

@ARTICLE{herlihy:methodology,
	AUTHOR = "Maurice Herlihy",
	TITLE = "A Methodology for Implementing Highly Concurrent
	Data Objects",
	JOURNAL = {ACM Trans. Program. Lang. Syst.},
	VOLUME = {15},
	NUMBER = {5},
	PAGES = {745-770},
	MONTH = "November",
	YEAR = {1993}	}

@BOOK{Lamport:LaTeX,
	AUTHOR = "Leslie Lamport",
	TITLE = "LaTeX User's Guide and Document Reference Manual",
	PUBLISHER = "Addison-Wesley Publishing Company",
	ADDRESS = "Reading, Massachusetts",
	YEAR = "1986"	}

@BOOK{salas:calculus,
	AUTHOR = "S.L. Salas and Einar Hille",
	TITLE = "Calculus: One and Several Variable",
	PUBLISHER = "John Wiley and Sons",
	ADDRESS = "New York",
	YEAR = "1978"	}

@article{yantowards,
  title = {{Towards Smart Cache Management for Ontology Based, History-Aware Stream Reasoning}},
  author = {Yan, Rui and Praggastis, Brenda and Smith, William P and McGuinness, Deborah L},
  journal = {Linked Science},
  year = {2015},
}
@article{berners2001semantic,
  title = {{The semantic web}},
  author = {Berners-Lee, Tim and Hendler, James and Lassila, Ora and others},
  journal = {Scientific american},
  volume = {284},
  number = {5},
  pages = {28--37},
  year = {2001},
  publisher = {New York, NY, USA:},
}
@book{della2009first,
  title = {{A first step towards stream reasoning}},
  author = {Della Valle, Emanuele and Ceri, Stefano and Barbieri, Davide Francesco and Braga, Daniele and Campi, Alessandro},
  year = {2009},
  publisher = {Springer},
}
@article{arasu2006cql,
  title = {{The CQL continuous query language: semantic foundations and query execution}},
  author = {Arasu, Arvind and Babu, Shivnath and Widom, Jennifer},
  journal = {The VLDB Journal - The International Journal on Very Large Data Bases},
  volume = {15},
  number = {2},
  pages = {121--142},
  year = {2006},
  publisher = {Springer-Verlag New York, Inc.},
}
@incollection{thomas2010trowl,
  title = {{TrOWL: Tractable OWL 2 reasoning infrastructure}},
  author = {Thomas, Edward and Pan, Jeff Z and Ren, Yuan},
  booktitle = {The Semantic Web: Research and Applications},
  pages = {431--435},
  year = {2010},
  publisher = {Springer},
}
@book{bolles2008streaming,
  title = {{Streaming SPARQL-extending SPARQL to process data streams}},
  author = {Bolles, Andre and Grawunder, Marco and Jacobi, Jonas},
  year = {2008},
  publisher = {Springer},
}
@inproceedings{barbieri2010proposal,
  title = {{A proposal for publishing data streams as linked data}},
  author = {Barbieri, Davide F and Valle, ED},
  booktitle = {Linked Data on the Web Workshop},
  year = {2010},
}
@techreport{aasman2006allegro,
  title = {{Allegro graph: RDF triple database}},
  author = {Aasman, Jans},
  year = {2006},
  institution = {Technical report. Franz Incorporated, 2006. ur l: http://www. franz. com/agraph/allegrograph/(visited on 10/14/2013)(cited on pp. 52, 54)},
}
@article{cugola2012processing,
  title = {{Processing flows of information: From data stream to complex event processing}},
  author = {Cugola, Gianpaolo and Margara, Alessandro},
  journal = {ACM Computing Surveys (CSUR)},
  volume = {44},
  number = {3},
  pages = {15},
  year = {2012},
  publisher = {ACM},
}
@incollection{tallevi2013real,
  title = {{Real-time urban monitoring in dublin using semantic and stream technologies}},
  author = {Tallevi-Diotallevi, Simone and Kotoulas, Spyros and Foschini, Luca and L{\'e}cu{\'e}, Freddy and Corradi, Antonio},
  booktitle = {The Semantic Web--ISWC 2013},
  pages = {178--194},
  year = {2013},
  publisher = {Springer},
}
@inproceedings{lecue2012capturing,
  title = {{Capturing the pulse of cities: Opportunity and research challenges for robust stream data reasoning}},
  author = {L{\'e}cu{\'e}, Freddy and Kotoulas, Spyros and Mac Aonghusa, P{\'o}l},
  booktitle = {Workshops at the Twenty-Sixth AAAI Conference on Artificial Intelligence},
  year = {2012},
}
@inproceedings{barbieri2009continuous,
  title = {{Continuous queries and real-time analysis of social semantic data with c-sparql}},
  author = {Barbieri, Davide Francesco and Braga, Daniele and Ceri, Stefano and Della Valle, Emanuele and Grossniklaus, Michael},
  booktitle = {Proceedings of Social Data on the Web Workshop at the 8th International Semantic Web Conference},
  volume = {10},
  year = {2009},
}
@article{stonebraker20058,
  title = {{The 8 requirements of real-time stream processing}},
  author = {Stonebraker, Michael and {\c{C}}etintemel, UÇ§ur and Zdonik, Stan},
  journal = {ACM SIGMOD Record},
  volume = {34},
  number = {4},
  pages = {42--47},
  year = {2005},
  publisher = {ACM},
}
@misc{sauermann2011cool,
  title={Cool URIs for the semantic web},
  author={Sauermann, Leo and Cyganiak, Richard and V{\"o}lkel, Max},
  year={2011}
}
@misc{bizer2007publish,
  title = {{How to publish linked data on the web}},
  author = {Bizer, Chris and Cyganiak, Richard and Heath, Tom and others},
  year = {2007},
}
@inproceedings{ding2005tracking,
  title = {{Tracking rdf graph provenance using rdf molecules}},
  author = {Ding, Li and Finin, Tim and Peng, Yun and Da Silva, Paulo Pinheiro and McGuinness, Deborah L},
  booktitle = {Proc. of the 4th International Semantic Web Conference (Poster)},
  pages = {42},
  year = {2005},
}
@incollection{ali2015citybench,
  title = {{CityBench: A Configurable Benchmark to Evaluate RSP Engines Using Smart City Datasets}},
  author = {Ali, Muhammad Intizar and Gao, Feng and Mileo, Alessandra},
  booktitle = {The Semantic Web-ISWC 2015},
  pages = {374--389},
  year = {2015},
  publisher = {Springer},
}
@incollection{dell2013correctness,
  title = {{On correctness in rdf stream processor benchmarking}},
  author = {Dell'Aglio, Daniele and Calbimonte, Jean-Paul and Balduini, Marco and Corcho, Oscar and Della Valle, Emanuele},
  booktitle = {The Semantic Web--ISWC 2013},
  pages = {326--342},
  year = {2013},
  publisher = {Springer}
}
@incollection{le2012linked,
  title = {{Linked stream data processing engines: Facts and figures}},
  author = {Le-Phuoc, Danh and Dao-Tran, Minh and Pham, Minh-Duc and Boncz, Peter and Eiter, Thomas and Fink, Michael},
  booktitle = {The Semantic Web--ISWC 2012},
  pages = {300--312},
  year = {2012},
  publisher = {Springer}
}
@incollection{zhang2012srbench,
  title = {{Srbench: a streaming rdf/sparql benchmark}},
  author = {Zhang, Ying and Duc, Pham Minh and Corcho, Oscar and Calbimonte, Jean-Paul},
  booktitle = {The Semantic Web--ISWC 2012},
  pages = {641--657},
  year = {2012},
  publisher = {Springer},
}
@article{guo2005lubm,
  title = {{LUBM: A benchmark for OWL knowledge base systems}},
  author = {Guo, Yuanbo and Pan, Zhengxiang and Heflin, Jeff},
  journal = {Web Semantics: Science, Services and Agents on the World Wide Web},
  volume = {3},
  number = {2},
  pages = {158--182},
  year = {2005},
  publisher = {Elsevier},
}
@inproceedings{blanch2004semantic,
  title = {{Semantic pointing: improving target acquisition with control-display ratio adaptation}},
  author = {Blanch, Renaud and Guiard, Yves and Beaudouin-Lafon, Michel},
  booktitle = {Proceedings of the SIGCHI conference on Human factors in computing systems},
  pages = {519--526},
  year = {2004},
  organization = {ACM},
}
@inproceedings{legg2011intelligent,
  title = {{Intelligent filtering by semantic importance for single-view 3d reconstruction from snooker video}},
  author = {Legg, Philip and Parry, Matthew L and Chung, David HS and Jiang, Richard M and Morris, Adrian and Griffiths, Iwan W and Marshall, David and Chen, Min and others},
  booktitle = {Image Processing (ICIP), 2011 18th IEEE International Conference on},
  pages = {2385--2388},
  year = {2011},
  organization = {IEEE},
}
@inproceedings{zhuge2003ranking,
  title = {{Ranking Semantic-linked Network.}},
  author = {Zhuge, Hai and Zheng, Liping},
  booktitle = {WWW (Posters)},
  year = {2003},
}
@misc{smith2015se,
    author = {Smith WP, and MI Borkum},
    title = {Semantically Enabling Stream-Reasoning Architectural Frameworks},
    howpublished = {Abstract submitted to The 24th ACM International Conference on Information and Knowledge Management, Melbourne, Australia.},
    note = {PNNL-SA-110228} ,
    year=2015,
}